<mx:record xmlns="http://www.w3.org/TR/xhtml1/strict" xmlns:mx="http://www.loc.gov/MARC21/slim" xmlns:xsi="http://www.w3.org/2001/XMLSchema-instance"><mx:leader>00000cz   2200000n  4500</mx:leader><mx:controlfield tag="001">oca02430946 </mx:controlfield><mx:controlfield tag="005">20050427182723.0</mx:controlfield><mx:controlfield tag="008">881229n| acannaab           |a aaa      </mx:controlfield><mx:datafield ind1=" " ind2=" " tag="010"><mx:subfield code="a">n  88682250 </mx:subfield></mx:datafield><mx:datafield ind1=" " ind2=" " tag="040"><mx:subfield code="a">DLC</mx:subfield><mx:subfield code="c">DLC</mx:subfield><mx:subfield code="d">DLC</mx:subfield></mx:datafield><mx:datafield ind1=" " ind2="0" tag="053"><mx:subfield code="a">PA8270</mx:subfield></mx:datafield><mx:datafield ind1="0" ind2=" " tag="100"><mx:subfield code="a">Bernard,</mx:subfield><mx:subfield code="c">of Cluny,</mx:subfield><mx:subfield code="d">12th cent.</mx:subfield></mx:datafield><mx:datafield ind1="0" ind2=" " tag="400"><mx:subfield code="a">Bernard,</mx:subfield><mx:subfield code="c">de Morlaix,</mx:subfield><mx:subfield code="d">12th cent.</mx:subfield></mx:datafield><mx:datafield ind1="0" ind2=" " tag="400"><mx:subfield code="a">Bernard,</mx:subfield><mx:subfield code="c">of Morlaix,</mx:subfield><mx:subfield code="d">12th cent.</mx:subfield></mx:datafield><mx:datafield ind1="0" ind2=" " tag="400"><mx:subfield code="a">Bernard,</mx:subfield><mx:subfield code="c">of Morlay,</mx:subfield><mx:subfield code="d">12th cent.</mx:subfield></mx:datafield><mx:datafield ind1="0" ind2=" " tag="400"><mx:subfield code="a">Bernardus,</mx:subfield><mx:subfield code="c">Morlanensis,</mx:subfield><mx:subfield code="d">12th cent.</mx:subfield></mx:datafield><mx:datafield ind1="0" ind2=" " tag="400"><mx:subfield code="a">Bernardus,</mx:subfield><mx:subfield code="c">Morvalensis,</mx:subfield><mx:subfield code="d">12th cent.</mx:subfield></mx:datafield><mx:datafield ind1="0" ind2=" " tag="400"><mx:subfield code="a">Bernard,</mx:subfield><mx:subfield code="c">of Morval,</mx:subfield><mx:subfield code="d">12th cent.</mx:subfield></mx:datafield><mx:datafield ind1="0" ind2=" " tag="400"><mx:subfield code="a">Bernard,</mx:subfield><mx:subfield code="c">le Clunisien,</mx:subfield><mx:subfield code="d">12th cent.</mx:subfield></mx:datafield><mx:datafield ind1="0" ind2=" " tag="400"><mx:subfield code="a">Bernardus,</mx:subfield><mx:subfield code="c">Cluniacensis,</mx:subfield><mx:subfield code="d">12th cent.</mx:subfield></mx:datafield><mx:datafield ind1=" " ind2=" " tag="670"><mx:subfield code="a">nuc88-83355: His The celestial country [MI] c1897</mx:subfield><mx:subfield code="b">(hdg. on CtY rept.: Bernard, of Cluny, 12th century; usage: St. Bernard of Cluny)</mx:subfield></mx:datafield><mx:datafield ind1=" " ind2=" " tag="670"><mx:subfield code="a">His Scorn for the world, c1991:</mx:subfield><mx:subfield code="b">t.p. (Bernard of Cluny) p. xi (Bernard, a monk of Cluny during abbacy (1122-1156) of Peter the Venerable) p. xxi (Bernard de Morlaix, Bernard of Morlay) p. xxvii (Bernardus Morlanensis, Bernardus Morvalensis, Bernard of Morval, Bernard le Clunisien)</mx:subfield></mx:datafield><mx:datafield ind1=" " ind2=" " tag="670"><mx:subfield code="a">LC manual cat.</mx:subfield><mx:subfield code="b">(hdg.: Bernard, of Cluny, 12th cent.; usage: Bernard of Cluny, Bernardus Cluniacensis, Bernard of Morval monk of Cluny; variants: Bernardus Morlanensis, Bernard of Morlaix, Bernard de Morlaix)</mx:subfield></mx:datafield><mx:datafield ind1=" " ind2=" " tag="670"><mx:subfield code="a">New Cath. encyc.</mx:subfield><mx:subfield code="b">(Bernard of Cluny, Benedictine monk and poet, fl. mid-12th cent.)</mx:subfield></mx:datafield><mx:datafield ind1=" " ind2=" " tag="670"><mx:subfield code="a">Oxford dict. of the Chr. Church, c1958</mx:subfield><mx:subfield code="b">(Bernard of Cluny, c. 1140, also Bernard of Morval; monk of Cluny during abbacy of Peter the Venerable)</mx:subfield></mx:datafield><mx:datafield ind1=" " ind2=" " tag="999"><mx:subfield code="a">54</mx:subfield></mx:datafield></mx:record>